
@article{liuLiquidMetalMachine2016,
  langid = {english},
  title = {Liquid Metal Machine Is Evolving to Soft Robotics},
  volume = {59},
  issn = {1869-1900},
  url = {https://doi.org/10.1007/s11431-016-0696-7},
  doi = {10.1007/s11431-016-0696-7},
  number = {11},
  journaltitle = {Science China Technological Sciences},
  shortjournal = {Sci. China Technol. Sci.},
  urldate = {2019-05-02},
  date = {2016-11-01},
  pages = {1793-1794},
  author = {Liu, Jing},
  file = {/home/guan/Zotero/storage/FTUSJRNC/Liu - 2016 - Liquid metal machine is evolving to soft robotics.pdf}
}

@misc{baartmanMaterialsLibraryFEMM2007,
  title = {Materials Library in {{FEMM}} 4.0},
  date = {2007-05-19},
  author = {Baartman, Richard},
  file = {/home/guan/Zotero/storage/37PWVBJ9/Steel_magnetic_properties.pdf}
}

@online{engineeringtoolboxPermeability2016,
  title = {Permeability},
  url = {https://www.engineeringtoolbox.com/permeability-d_1923.html},
  urldate = {2019-09-22},
  date = {2016},
  author = {{Engineering ToolBox}},
  file = {/home/guan/Zotero/storage/PMDHZ5QJ/permeability-d_1923.html}
}

@online{coatesTransformerCoresReluctance2018,
  title = {Transformer {{Cores}}, {{Reluctance}} and {{Permeability}}},
  url = {http://www.learnabout-electronics.org/ac_theory/transformers02.php},
  urldate = {2019-09-22},
  date = {2018-12-22},
  author = {Coates, Eric},
  file = {/home/guan/Zotero/storage/G3IL7EJJ/transformers02.html}
}

@unpublished{changChapterElectrodynamics2006,
  title = {Chapter 7: {{Electrodynamics}}},
  url = {http://www.phys.nthu.edu.tw/~thschanga/notes/EM07P1.pdf},
  urldate = {2019-09-22},
  date = {2006-12-21},
  author = {Chang, Tsun-Hsu},
  file = {/home/guan/Zotero/storage/2ERGDIEP/EM07P1.pdf}
}


